<?xml version="1.0" encoding="UTF-8"?><collection xmlns="http://www.loc.gov/MARC21/slim"><record><leader>00504nam--2200181-i-4500</leader><controlfield tag="001">000020431</controlfield><controlfield tag="002">20161230</controlfield><controlfield tag="005">20161230201033</controlfield><controlfield tag="008">060222s1000------------r-----000-0-fre-d</controlfield><datafield ind1=" " ind2=" " tag="040"><subfield code="a">IFIN-HH</subfield></datafield><datafield ind1=" " ind2=" " tag="041"><subfield code="a">fre</subfield></datafield><datafield ind1=" " ind2=" " tag="080"><subfield code="a">537.27(0430</subfield></datafield><datafield ind1="1" ind2=" " tag="100"><subfield code="a">Deiss, Jean-louis</subfield></datafield><datafield ind1="1" ind2="0" tag="245"><subfield code="a">Effects du champ electrique sur les spectres excitoniques de cu2o et cucl</subfield><subfield code="b">These</subfield><subfield code="c">Jean-luois deiss</subfield></datafield><datafield ind1=" " ind2=" " tag="260"><subfield code="a">Strasbourg</subfield><subfield code="b">Universite</subfield><subfield code="c">1970</subfield></datafield><datafield ind1=" " ind2=" " tag="300"><subfield code="a">154 P</subfield></datafield><datafield ind1=" " ind2=" " tag="852"><subfield code="a">78289</subfield><subfield code="c">539.2</subfield></datafield><datafield ind1=" " ind2=" " tag="CAT"><subfield code="a">Sys</subfield><subfield code="c">20121127</subfield><subfield code="h">164809</subfield></datafield></record></collection>